<?xml version="1.0" encoding="UTF-8"?><collection><record><leader>05722ntm a2200541 a 4500</leader><controlfield tag="001">006815152</controlfield><controlfield tag="003">MiAaHDL</controlfield><controlfield tag="005">20190719000000.0</controlfield><controlfield tag="006">m        d        </controlfield><controlfield tag="007">cr bn ---auaua</controlfield><controlfield tag="008">090610s1732    xx            00| ||ara d</controlfield><datafield tag="035" ind1=" " ind2=" "><subfield code="a">(MiU)006815152</subfield></datafield><datafield tag="035" ind1=" " ind2=" "><subfield code="a">sdr-miu006815152</subfield></datafield><datafield tag="040" ind1=" " ind2=" "><subfield code="a">MiU</subfield><subfield code="c">MiU</subfield><subfield code="e">amremm</subfield></datafield><datafield tag="043" ind1=" " ind2=" "><subfield code="a">n-us-mi</subfield></datafield><datafield tag="100" ind1="0" ind2=" "><subfield code="6">880-01</subfield><subfield code="a">Abū al-Fatḥ Sirḥān al-Samarjī al-Sharnūbī.</subfield></datafield><datafield tag="245" ind1="1" ind2="0"><subfield code="6">880-03</subfield><subfield code="a">Manẓūm ‘uqūd qalā’id al-durr al-nafīs fī taḥqīq sirr ma‘ná al-tathlīth wa-al-takhmīs :</subfield><subfield code="b">wa-huwa Takhmīs al-Shaykh al-Shurnūbī li-‘Aynīyat Sīdī ‘Abd al-Karīm al-Jīlī,</subfield><subfield code="f">[1144, i.e. 1732].</subfield></datafield><datafield tag="246" ind1="3" ind2=" "><subfield code="i">Title from colophon on p.54:</subfield><subfield code="a">تخميس العينية</subfield></datafield><datafield tag="260" ind1=" " ind2=" "><subfield code="c">[1732].</subfield></datafield><datafield tag="300" ind1=" " ind2=" "><subfield code="a">28 leaves :</subfield><subfield code="b">paper ;</subfield><subfield code="c">215 x 161 (175 x 120) mm.</subfield></datafield><datafield tag="500" ind1=" " ind2=" "><subfield code="a">Shelfmark: Ann Arbor, University of Michigan, Special Collections Library, Isl. Ms. 640</subfield></datafield><datafield tag="500" ind1=" " ind2=" "><subfield code="a">Origin: As appears in colophon on p.54, transcription completed 13 Rajab 1144 [ca. 11 January 1732].</subfield></datafield><datafield tag="500" ind1=" " ind2=" "><subfield code="a">Accompanying materials: a. Acquisitions slip from Yahuda -- b. Inventory cataloguing slip in hand of Winifred Smeaton Thomas.</subfield></datafield><datafield tag="500" ind1=" " ind2=" "><subfield code="a">Former shelfmark: From interior of upper cover and label on lower cover "IL 371" (likely supplied by Yahuda, see acquisitions slip).</subfield></datafield><datafield tag="500" ind1=" " ind2=" "><subfield code="a">Binding: Pasteboards (quite thin) covered in block-printed paper (repeating olive wreath motif in black with floral accents in white on a teal ground) with spine in red leather ; Type III binding (without flap) ; sewing now gone ; overall in somewhat poor condition with abrasion, staining, lifting of paper, etc. ; likely never attached to this textblock, serves as wrapper.</subfield></datafield><datafield tag="500" ind1=" " ind2=" "><subfield code="a">Support: European laid paper of at least two types ; one type with 12 laid lines per cm. (vertical), chain lines spaced 23 mm. apart (horizontal), and grapes (raisin) under crown watermark (see p.44, 53, etc.) ; another type with 8-9 laid lines per cm. (vertical), chain lines spaced 23 mm. apart (horizontal), and no watermarks visible ; all medium cream in color, sturdy and well-burnished ; some staining.</subfield></datafield><datafield tag="500" ind1=" " ind2=" "><subfield code="a">Decoration: Textual dividers in the form of red hāʼ.</subfield></datafield><datafield tag="500" ind1=" " ind2=" "><subfield code="a">Script: Naskh ; clear Turkish (Eastern Anatolian) or 'Syrian' hand ; virtually serifless with slight effect of tilt to the left, mainly curvilinear descenders, pointing mainly in distinct dots (some conjoined), elongation of horizontal strokes, final yāʼ often unpointed, kāf mashqūqah preferred (even final kāf), point of final nūn set deep in bowl.</subfield></datafield><datafield tag="500" ind1=" " ind2=" "><subfield code="a">Layout: Written in 30 lines per page (alternating two lines of two hemistiches per line with single centered hemistich per line) ; stanzas of the takhmīs for each bayt of the ʻAynīyah arranged such that the opening line carries the first two added hemistiches, the next line carries the third added hemistich and first hemistich of the bayt, and the third line (centered) carries the second hemistich of the bayt.</subfield></datafield><datafield tag="500" ind1=" " ind2=" "><subfield code="a">Collation: 2 V(20), IV (28) ; two quinions and a quaternion ; catchwords present ; pagination in pencil, Western numerals, supplied during digitization.</subfield></datafield><datafield tag="500" ind1=" " ind2=" "><subfield code="a">Colophon: "Scribal," triangular, reads "وقد تم تخميس العينية المسمى بمنظوم عقود قلائد الدر النفيس في سر معنى التثليث والتخميس بحمد الله وذلك يوم الخميس ثالث عشر من رجب سنه الف ومائة واربعه واربعين سنه ۱۱٤٤ امين تم"</subfield></datafield><datafield tag="500" ind1=" " ind2=" "><subfield code="a">Explicit: "وكل كمال فهو منه لقد نما وفاض على كل الوجود بماهما فلله من مولى سما فوق كلما عليه سلام الله مني وانما سلامي على نفسي النفيسة واقع"</subfield></datafield><datafield tag="500" ind1=" " ind2=" "><subfield code="a">Incipit: "بافق سما الذات تجلي المطالع ويبدو لنا منها بدور طوالع وفيها لقلب القلب يا من يطالع فؤاد به شمس المحبة طالع فليس لنجم الغير [العذل] فيه مواقع"</subfield></datafield><datafield tag="500" ind1=" " ind2=" "><subfield code="a">Title from 'title page' inscription (p.1) and colophon on p.54.</subfield></datafield><datafield tag="500" ind1=" " ind2=" "><subfield code="a">Ms. codex.</subfield></datafield><datafield tag="510" ind1="4" ind2=" "><subfield code="a">Brockelmann, C. GAL,</subfield><subfield code="c">II 205-6 (no. 19, taḫmis) ; S II 283-4 (no. 19)</subfield></datafield><datafield tag="520" ind1="8" ind2=" "><subfield code="a">Fine copy of the takhmīs (amplification) by Abū al-Fatḥ Sirḥān al-Samarjī al-Sharnūbī upon al-Nawādir al-ʻaynīyah fī al-bawādir al-ghaybīyah, or al-ʻAynīyah, a ṣūfī qaṣīdah in ʻayn by al-Shaykh ʻAbd al-Karīm al-Jīlī (d.1428). Excerpts on 'title page' and final leaf (pp.55-56). Perhaps once part of a larger collected volume (majmūʻah).</subfield></datafield><datafield tag="538" ind1=" " ind2=" "><subfield code="a">Mode of access: Internet.</subfield></datafield><datafield tag="541" ind1=" " ind2=" "><subfield code="a">Acquired in 1926 from the bookseller Isaac Benjamin S.E. Yahuda via purchase transacted on his behalf by Abraham Shalom Yahuda (1877-1951), his younger brother.</subfield></datafield><datafield tag="546" ind1=" " ind2=" "><subfield code="a">Arabic.</subfield></datafield><datafield tag="561" ind1=" " ind2=" "><subfield code="a">Marginal glosses and corrections.</subfield></datafield><datafield tag="600" ind1="1" ind2="0"><subfield code="a">Jīlī, ʻAbd al-Karīm ibn Ibrāhīm,</subfield><subfield code="d">1365 or 1366-</subfield><subfield code="t">Nawādir al-ʻaynīyah fī al-bawādir al-ghaybīyah.</subfield></datafield><datafield tag="650" ind1=" " ind2="0"><subfield code="a">Manuscripts, Arabic</subfield><subfield code="z">Michigan</subfield><subfield code="z">Ann Arbor.</subfield></datafield><datafield tag="650" ind1=" " ind2="0"><subfield code="a">Sufism</subfield><subfield code="v">Early works to 1800.</subfield></datafield><datafield tag="650" ind1=" " ind2="0"><subfield code="a">Sufi poetry, Arabic</subfield><subfield code="v">Early works to 1800.</subfield></datafield><datafield tag="773" ind1="0" ind2=" "><subfield code="a">Yahuda Collection.</subfield></datafield><datafield tag="880" ind1="1" ind2="0"><subfield code="6">245-03/</subfield><subfield code="a">منظوم عقود قلائد الدر النفيس في تحقيق سر معنى التثليث والتخميس :</subfield><subfield code="b">وهو تخميس الشيح الشرنوبي لعينية سيدي عبد الكريم الجيلي,</subfield><subfield code="f">[1144ه، 1732م].</subfield></datafield><datafield tag="880" ind1="0" ind2=" "><subfield code="6">100-01/</subfield><subfield code="a">ابو الفتح سرحان السمرجي الشرنوبي.</subfield></datafield><datafield tag="CID" ind1=" " ind2=" "><subfield code="a">006815152</subfield></datafield><datafield tag="DAT" ind1="0" ind2=" "><subfield code="a">20190719102639.0</subfield><subfield code="b">20190719000000.0</subfield></datafield><datafield tag="DAT" ind1="1" ind2=" "><subfield code="a">20190719090653.0</subfield><subfield code="b">2019-07-19T16:11:43Z</subfield></datafield><datafield tag="DAT" ind1="2" ind2=" "><subfield code="a">2015-10-02T18:00:03Z</subfield></datafield><datafield tag="CAT" ind1=" " ind2=" "><subfield code="a">SDR-MIU</subfield><subfield code="d">EX LIBRIS - ALEPH</subfield><subfield code="l">prepare.pl-004-008</subfield></datafield><datafield tag="FMT" ind1=" " ind2=" "><subfield code="a">BK</subfield></datafield><datafield tag="HOL" ind1=" " ind2=" "><subfield code="0">sdr-miu006815152</subfield><subfield code="a">MiU</subfield><subfield code="b">SDR</subfield><subfield code="c">MIU</subfield><subfield code="p">mdp.39015079129311</subfield><subfield code="s">MIU</subfield><subfield code="1">006815152</subfield></datafield><datafield tag="974" ind1=" " ind2=" "><subfield code="b">MIU</subfield><subfield code="c">MIU</subfield><subfield code="d">20190719</subfield><subfield code="s">lit-dlps-dc</subfield><subfield code="u">mdp.39015079129311</subfield><subfield code="y">1732</subfield><subfield code="r">pd</subfield><subfield code="q">bib</subfield><subfield code="t">non-US bib date1 &lt; 1879</subfield></datafield></record></collection>